@article{depaulo_cues_2003,
	title = {Cues to deception.},
	volume = {129},
	issn = {1939-1455, 0033-2909},
	url = {https://doi.apa.org/doi/10.1037/0033-2909.129.1.74},
	doi = {10.1037/0033-2909.129.1.74},
	language = {en},
	number = {1},
	urldate = {2025-02-07},
	journal = {Psychological Bulletin},
	author = {DePaulo, Bella M. and Lindsay, James J. and Malone, Brian E. and Muhlenbruck, Laura and Charlton, Kelly and Cooper, Harris},
	year = {2003},
	pages = {74--118},
	file = {DePaulo et al. - 2003 - Cues to deception..pdf:/Users/leo/Zotero/storage/JRA3F4Z9/DePaulo et al. - 2003 - Cues to deception..pdf:application/pdf},
}
@article{hartwig_why_2011,
	title = {Why do lie-catchers fail? {A} lens model meta-analysis of human lie judgments.},
	volume = {137},
	issn = {1939-1455, 0033-2909},
	shorttitle = {Why do lie-catchers fail?},
	url = {https://doi.apa.org/doi/10.1037/a0023589},
	doi = {10.1037/a0023589},
	language = {en},
	number = {4},
	urldate = {2025-02-07},
	journal = {Psychological Bulletin},
	author = {Hartwig, Maria and Bond, Charles F.},
	year = {2011},
	pages = {643--659},
	file = {Hartwig and Bond - 2011 - Why do lie-catchers fail A lens model meta-analys.pdf:/Users/leo/Zotero/storage/8J58D96P/Hartwig and Bond - 2011 - Why do lie-catchers fail A lens model meta-analys.pdf:application/pdf},
}
@article{luke_lessons_2019,
	title = {Lessons From Pinocchio: Cues to Deception May Be Highly Exaggerated},
	language = {en},
	author = {Luke, Timothy J},
        journal = {Perspectives on Psychological Science},
        volume = {14},
        number = {4},
        pages = {646-671},
        year = {2019},
        doi = {10.1177/1745691619838258},
	file = {Luke - Lessons From Pinocchio Cues to Deception May Be H.pdf:/Users/leo/Zotero/storage/XZHRGME4/Luke - Lessons From Pinocchio Cues to Deception May Be H.pdf:application/pdf},
}
@article{levine_truth-default_2014,
	title = {Truth-{Default} {Theory} ({TDT}): {A} {Theory} of {Human} {Deception} and {Deception} {Detection}},
	volume = {33},
	issn = {0261-927X},
	shorttitle = {Truth-{Default} {Theory} ({TDT})},
	url = {https://doi.org/10.1177/0261927X14535916},
	doi = {10.1177/0261927X14535916},
	language = {en},
	number = {4},
	urldate = {2025-02-07},
	journal = {Journal of Language and Social Psychology},
	author = {Levine, Timothy R.},
	month = sep,
	year = {2014},
	note = {Publisher: SAGE Publications Inc},
	pages = {378--392},
	file = {SAGE PDF Full Text:/Users/leo/Zotero/storage/P3FIVQCA/Levine - 2014 - Truth-Default Theory (TDT) A Theory of Human Dece.pdf:application/pdf},
}
@book{mclaughlin_communication_2012,
	address = {New York},
	title = {Communication {Yearbook} 9},
	isbn = {978-0-203-85621-5},
	abstract = {The Communication Yearbook annuals publish diverse, state-of-the-discipline literature reviews that advance knowledge and understanding of communication systems, processes, and impacts across the discipline. Sponsored by the International Communication Association, each volume provides a forum for the exchange of interdisciplinary and internationally diverse scholarship relating to communication in its many forms. This volume re-issues the yearbook from 1986.},
	publisher = {Routledge},
	editor = {McLaughlin, Margaret},
	month = may,
	year = {2012},
	doi = {10.4324/9780203856215},
}
@book{levine_duped_2020,
	address = {Tuscaloosa},
	title = {Duped: truth-default theory and the social science of lying and deception},
	isbn = {978-0-8173-2041-6 978-0-8173-5968-3},
	shorttitle = {Duped},
	publisher = {The University of Alabama Press},
	author = {Levine, Timothy R.},
	year = {2020},
	keywords = {Social aspects, Deception, Truthfulness and falsehood},
}
@article{markowitz_generative_2024,
	title = {Generative {AI} {Are} {More} {Truth}-{Biased} {Than} {Humans}: {A} {Replication} and {Extension} of {Core} {Truth}-{Default} {Theory} {Principles}},
	volume = {43},
	issn = {0261-927X, 1552-6526},
	shorttitle = {Generative {AI} {Are} {More} {Truth}-{Biased} {Than} {Humans}},
	url = {https://journals.sagepub.com/doi/10.1177/0261927X231220404},
	doi = {10.1177/0261927X231220404},
	language = {en},
	number = {2},
	urldate = {2025-02-05},
	journal = {Journal of Language and Social Psychology},
	author = {Markowitz, David M. and Hancock, Jeffrey T.},
	month = mar,
	year = {2024},
	pages = {261--267},
	file = {Markowitz and Hancock - 2024 - Generative AI Are More Truth-Biased Than Humans A.pdf:/Users/leo/Zotero/storage/IVFMDAUN/Markowitz and Hancock - 2024 - Generative AI Are More Truth-Biased Than Humans A.pdf:application/pdf;SI Markowitz-Hancock.pdf:/Users/leo/Zotero/storage/PUHEPJRB/SI Markowitz-Hancock.pdf:application/pdf},
}
@misc{openai_reasoning_2025,
	title = {Reasoning models - {OpenAI} {API}},
	url = {https://platform.openai.com},
	abstract = {Explore the capabilities of OpenAI's o1 series for complex reasoning and problem-solving. Learn about their features and how they compare to GPT-4o models.},
	language = {en},
	urldate = {2025-03-14},
	author = {{OpenAI}},
	year = {2025},
	file = {Snapshot:/Users/leo/Zotero/storage/V5U2J9T4/reasoning.html:text/html},
}
@article{lloyd_miami_2019,
	title = {Miami {University} deception detection database},
	volume = {51},
	issn = {1554-3528},
	url = {https://doi.org/10.3758/s13428-018-1061-4},
	doi = {10.3758/s13428-018-1061-4},
	language = {en},
	number = {1},
	urldate = {2025-02-07},
	journal = {Behavior Research Methods},
	author = {Lloyd, E. Paige and Deska, Jason C. and Hugenberg, Kurt and McConnell, Allen R. and Humphrey, Brandon T. and Kunstman, Jonathan W.},
	month = feb,
	year = {2019},
	keywords = {Lie detection, Stimulus set, Video database},
	pages = {429--439},
	file = {Full Text PDF:/Users/leo/Zotero/storage/GQQGAFXK/Lloyd et al. - 2019 - Miami University deception detection database.pdf:application/pdf},
}
@article{markowitz_when_2020,
	title = {When context matters: how false, truthful, and genre-related communication styles are revealed in language},
	volume = {26},
	issn = {1068-316X},
	shorttitle = {When context matters},
	url = {https://doi.org/10.1080/1068316X.2019.1652751},
	doi = {10.1080/1068316X.2019.1652751},
	number = {3},
	urldate = {2025-02-07},
	journal = {Psychology, Crime \& Law},
	author = {Markowitz, David M. and Griffin, Darrin J.},
	month = mar,
	year = {2020},
	note = {Publisher: Routledge
\_eprint: https://doi.org/10.1080/1068316X.2019.1652751},
	keywords = {Deception, automated text analysis, context, genre, language},
	pages = {287--310},
	file = {Full Text PDF:/Users/leo/Zotero/storage/FAZ2AJYB/Markowitz and Griffin - 2020 - When context matters how false, truthful, and gen.pdf:application/pdf},
}
@misc{ott_finding_2011,
	title = {Finding {Deceptive} {Opinion} {Spam} by {Any} {Stretch} of the {Imagination}},
	url = {http://arxiv.org/abs/1107.4557},
	doi = {10.48550/arXiv.1107.4557},
	urldate = {2025-02-07},
	publisher = {arXiv},
	author = {Ott, Myle and Choi, Yejin and Cardie, Claire and Hancock, Jeffrey T.},
	month = jul,
	year = {2011},
	note = {arXiv:1107.4557 [cs]},
	keywords = {Computer Science - Computation and Language, Computer Science - Computers and Society},
	annote = {Comment: 11 pages, 5 tables, data available at: http://www.cs.cornell.edu/{\textasciitilde}myleott},
	file = {Preprint PDF:/Users/leo/Zotero/storage/I7S2NWMG/Ott et al. - 2011 - Finding Deceptive Opinion Spam by Any Stretch of t.pdf:application/pdf;Snapshot:/Users/leo/Zotero/storage/KU8ZEKDN/1107.html:text/html},
}
@misc{deepseek-ai_deepseek-r1_2025,
	title = {{DeepSeek}-{R1}: {Incentivizing} {Reasoning} {Capability} in {LLMs} via {Reinforcement} {Learning}},
	shorttitle = {{DeepSeek}-{R1}},
	url = {http://arxiv.org/abs/2501.12948},
	doi = {10.48550/arXiv.2501.12948},
	urldate = {2025-03-14},
	publisher = {arXiv},
	author = {DeepSeek-AI},
	month = jan,
	year = {2025},
	note = {arXiv:2501.12948 [cs]},
	keywords = {Computer Science - Artificial Intelligence, Computer Science - Computation and Language, Computer Science - Machine Learning},
	file = {Full Text PDF:/Users/leo/Zotero/storage/DMVW42HU/DeepSeek-AI et al. - 2025 - DeepSeek-R1 Incentivizing Reasoning Capability in.pdf:application/pdf;Snapshot:/Users/leo/Zotero/storage/GS7EAU4G/2501.html:text/html},
}
@misc{openai_openai_2024,
	title = {{OpenAI} o1 {System} {Card}},
	url = {https://cdn.openai.com/o1-system-card-20241205.pdf},
	author = {{OpenAI}},
	month = dec,
	year = {2024},
	file = {o1-system-card-20241205.pdf:/Users/leo/Zotero/storage/AUT4X5ED/o1-system-card-20241205.pdf:application/pdf},
}
@misc{anthropic_claude_2025,
	title = {Claude 3.7 {Sonnet} {System} {Card}},
	author = {{Anthropic}},
	month = feb,
	year = {2025},
	file = {claude-3-7-sonnet-system-card.pdf:/Users/leo/Zotero/storage/FSIU8KP9/claude-3-7-sonnet-system-card.pdf:application/pdf},
}
@article{clare_documenting_2019,
	title = {Documenting the {Truth}-{Default}: {The} {Low} {Frequency} of {Spontaneous} {Unprompted} {Veracity} {Assessments} in {Deception} {Detection}},
	volume = {45},
	issn = {0360-3989},
	shorttitle = {Documenting the {Truth}-{Default}},
	url = {https://doi.org/10.1093/hcr/hqz001},
	doi = {10.1093/hcr/hqz001},
	number = {3},
	urldate = {2025-02-07},
	journal = {Human Communication Research},
	author = {Clare, David D and Levine, Timothy R},
	month = jul,
	year = {2019},
	pages = {286--308},
	file = {Full Text PDF:/Users/leo/Zotero/storage/DEE3JW9S/Clare and Levine - 2019 - Documenting the Truth-Default The Low Frequency o.pdf:application/pdf;Snapshot:/Users/leo/Zotero/storage/QZ7KA8ST/5321219.html:text/html},
}
@misc{deepseekai2025deepseekv3technicalreport,
      title={DeepSeek-V3 Technical Report}, 
      author={DeepSeek-AI and Aixin Liu and Bei Feng and Bing Xue and Bingxuan Wang and Bochao Wu and Chengda Lu and Chenggang Zhao and Chengqi Deng and Chenyu Zhang and Chong Ruan and Damai Dai and Daya Guo and Dejian Yang and Deli Chen and Dongjie Ji and Erhang Li and Fangyun Lin and Fucong Dai and Fuli Luo and Guangbo Hao and Guanting Chen and Guowei Li and H. Zhang and Han Bao and Hanwei Xu and Haocheng Wang and Haowei Zhang and Honghui Ding and Huajian Xin and Huazuo Gao and Hui Li and Hui Qu and J. L. Cai and Jian Liang and Jianzhong Guo and Jiaqi Ni and Jiashi Li and Jiawei Wang and Jin Chen and Jingchang Chen and Jingyang Yuan and Junjie Qiu and Junlong Li and Junxiao Song and Kai Dong and Kai Hu and Kaige Gao and Kang Guan and Kexin Huang and Kuai Yu and Lean Wang and Lecong Zhang and Lei Xu and Leyi Xia and Liang Zhao and Litong Wang and Liyue Zhang and Meng Li and Miaojun Wang and Mingchuan Zhang and Minghua Zhang and Minghui Tang and Mingming Li and Ning Tian and Panpan Huang and Peiyi Wang and Peng Zhang and Qiancheng Wang and Qihao Zhu and Qinyu Chen and Qiushi Du and R. J. Chen and R. L. Jin and Ruiqi Ge and Ruisong Zhang and Ruizhe Pan and Runji Wang and Runxin Xu and Ruoyu Zhang and Ruyi Chen and S. S. Li and Shanghao Lu and Shangyan Zhou and Shanhuang Chen and Shaoqing Wu and Shengfeng Ye and Shengfeng Ye and Shirong Ma and Shiyu Wang and Shuang Zhou and Shuiping Yu and Shunfeng Zhou and Shuting Pan and T. Wang and Tao Yun and Tian Pei and Tianyu Sun and W. L. Xiao and Wangding Zeng and Wanjia Zhao and Wei An and Wen Liu and Wenfeng Liang and Wenjun Gao and Wenqin Yu and Wentao Zhang and X. Q. Li and Xiangyue Jin and Xianzu Wang and Xiao Bi and Xiaodong Liu and Xiaohan Wang and Xiaojin Shen and Xiaokang Chen and Xiaokang Zhang and Xiaosha Chen and Xiaotao Nie and Xiaowen Sun and Xiaoxiang Wang and Xin Cheng and Xin Liu and Xin Xie and Xingchao Liu and Xingkai Yu and Xinnan Song and Xinxia Shan and Xinyi Zhou and Xinyu Yang and Xinyuan Li and Xuecheng Su and Xuheng Lin and Y. K. Li and Y. Q. Wang and Y. X. Wei and Y. X. Zhu and Yang Zhang and Yanhong Xu and Yanhong Xu and Yanping Huang and Yao Li and Yao Zhao and Yaofeng Sun and Yaohui Li and Yaohui Wang and Yi Yu and Yi Zheng and Yichao Zhang and Yifan Shi and Yiliang Xiong and Ying He and Ying Tang and Yishi Piao and Yisong Wang and Yixuan Tan and Yiyang Ma and Yiyuan Liu and Yongqiang Guo and Yu Wu and Yuan Ou and Yuchen Zhu and Yuduan Wang and Yue Gong and Yuheng Zou and Yujia He and Yukun Zha and Yunfan Xiong and Yunxian Ma and Yuting Yan and Yuxiang Luo and Yuxiang You and Yuxuan Liu and Yuyang Zhou and Z. F. Wu and Z. Z. Ren and Zehui Ren and Zhangli Sha and Zhe Fu and Zhean Xu and Zhen Huang and Zhen Zhang and Zhenda Xie and Zhengyan Zhang and Zhewen Hao and Zhibin Gou and Zhicheng Ma and Zhigang Yan and Zhihong Shao and Zhipeng Xu and Zhiyu Wu and Zhongyu Zhang and Zhuoshu Li and Zihui Gu and Zijia Zhu and Zijun Liu and Zilin Li and Ziwei Xie and Ziyang Song and Ziyi Gao and Zizheng Pan},
      year={2025},
      eprint={2412.19437},
      archivePrefix={arXiv},
      primaryClass={cs.CL},
      url={https://arxiv.org/abs/2412.19437}, 
}
@misc{openai2024gpt4ocard,
      title={GPT-4o System Card}, 
      author={OpenAI and : and Aaron Hurst and Adam Lerer and Adam P. Goucher and Adam Perelman and Aditya Ramesh and Aidan Clark and AJ Ostrow and Akila Welihinda and Alan Hayes and Alec Radford and Aleksander Mądry and Alex Baker-Whitcomb and Alex Beutel and Alex Borzunov and Alex Carney and Alex Chow and Alex Kirillov and Alex Nichol and Alex Paino and Alex Renzin and Alex Tachard Passos and Alexander Kirillov and Alexi Christakis and Alexis Conneau and Ali Kamali and Allan Jabri and Allison Moyer and Allison Tam and Amadou Crookes and Amin Tootoochian and Amin Tootoonchian and Ananya Kumar and Andrea Vallone and Andrej Karpathy and Andrew Braunstein and Andrew Cann and Andrew Codispoti and Andrew Galu and Andrew Kondrich and Andrew Tulloch and Andrey Mishchenko and Angela Baek and Angela Jiang and Antoine Pelisse and Antonia Woodford and Anuj Gosalia and Arka Dhar and Ashley Pantuliano and Avi Nayak and Avital Oliver and Barret Zoph and Behrooz Ghorbani and Ben Leimberger and Ben Rossen and Ben Sokolowsky and Ben Wang and Benjamin Zweig and Beth Hoover and Blake Samic and Bob McGrew and Bobby Spero and Bogo Giertler and Bowen Cheng and Brad Lightcap and Brandon Walkin and Brendan Quinn and Brian Guarraci and Brian Hsu and Bright Kellogg and Brydon Eastman and Camillo Lugaresi and Carroll Wainwright and Cary Bassin and Cary Hudson and Casey Chu and Chad Nelson and Chak Li and Chan Jun Shern and Channing Conger and Charlotte Barette and Chelsea Voss and Chen Ding and Cheng Lu and Chong Zhang and Chris Beaumont and Chris Hallacy and Chris Koch and Christian Gibson and Christina Kim and Christine Choi and Christine McLeavey and Christopher Hesse and Claudia Fischer and Clemens Winter and Coley Czarnecki and Colin Jarvis and Colin Wei and Constantin Koumouzelis and Dane Sherburn and Daniel Kappler and Daniel Levin and Daniel Levy and David Carr and David Farhi and David Mely and David Robinson and David Sasaki and Denny Jin and Dev Valladares and Dimitris Tsipras and Doug Li and Duc Phong Nguyen and Duncan Findlay and Edede Oiwoh and Edmund Wong and Ehsan Asdar and Elizabeth Proehl and Elizabeth Yang and Eric Antonow and Eric Kramer and Eric Peterson and Eric Sigler and Eric Wallace and Eugene Brevdo and Evan Mays and Farzad Khorasani and Felipe Petroski Such and Filippo Raso and Francis Zhang and Fred von Lohmann and Freddie Sulit and Gabriel Goh and Gene Oden and Geoff Salmon and Giulio Starace and Greg Brockman and Hadi Salman and Haiming Bao and Haitang Hu and Hannah Wong and Haoyu Wang and Heather Schmidt and Heather Whitney and Heewoo Jun and Hendrik Kirchner and Henrique Ponde de Oliveira Pinto and Hongyu Ren and Huiwen Chang and Hyung Won Chung and Ian Kivlichan and Ian O'Connell and Ian O'Connell and Ian Osband and Ian Silber and Ian Sohl and Ibrahim Okuyucu and Ikai Lan and Ilya Kostrikov and Ilya Sutskever and Ingmar Kanitscheider and Ishaan Gulrajani and Jacob Coxon and Jacob Menick and Jakub Pachocki and James Aung and James Betker and James Crooks and James Lennon and Jamie Kiros and Jan Leike and Jane Park and Jason Kwon and Jason Phang and Jason Teplitz and Jason Wei and Jason Wolfe and Jay Chen and Jeff Harris and Jenia Varavva and Jessica Gan Lee and Jessica Shieh and Ji Lin and Jiahui Yu and Jiayi Weng and Jie Tang and Jieqi Yu and Joanne Jang and Joaquin Quinonero Candela and Joe Beutler and Joe Landers and Joel Parish and Johannes Heidecke and John Schulman and Jonathan Lachman and Jonathan McKay and Jonathan Uesato and Jonathan Ward and Jong Wook Kim and Joost Huizinga and Jordan Sitkin and Jos Kraaijeveld and Josh Gross and Josh Kaplan and Josh Snyder and Joshua Achiam and Joy Jiao and Joyce Lee and Juntang Zhuang and Justyn Harriman and Kai Fricke and Kai Hayashi and Karan Singhal and Katy Shi and Kavin Karthik and Kayla Wood and Kendra Rimbach and Kenny Hsu and Kenny Nguyen and Keren Gu-Lemberg and Kevin Button and Kevin Liu and Kiel Howe and Krithika Muthukumar and Kyle Luther and Lama Ahmad and Larry Kai and Lauren Itow and Lauren Workman and Leher Pathak and Leo Chen and Li Jing and Lia Guy and Liam Fedus and Liang Zhou and Lien Mamitsuka and Lilian Weng and Lindsay McCallum and Lindsey Held and Long Ouyang and Louis Feuvrier and Lu Zhang and Lukas Kondraciuk and Lukasz Kaiser and Luke Hewitt and Luke Metz and Lyric Doshi and Mada Aflak and Maddie Simens and Madelaine Boyd and Madeleine Thompson and Marat Dukhan and Mark Chen and Mark Gray and Mark Hudnall and Marvin Zhang and Marwan Aljubeh and Mateusz Litwin and Matthew Zeng and Max Johnson and Maya Shetty and Mayank Gupta and Meghan Shah and Mehmet Yatbaz and Meng Jia Yang and Mengchao Zhong and Mia Glaese and Mianna Chen and Michael Janner and Michael Lampe and Michael Petrov and Michael Wu and Michele Wang and Michelle Fradin and Michelle Pokrass and Miguel Castro and Miguel Oom Temudo de Castro and Mikhail Pavlov and Miles Brundage and Miles Wang and Minal Khan and Mira Murati and Mo Bavarian and Molly Lin and Murat Yesildal and Nacho Soto and Natalia Gimelshein and Natalie Cone and Natalie Staudacher and Natalie Summers and Natan LaFontaine and Neil Chowdhury and Nick Ryder and Nick Stathas and Nick Turley and Nik Tezak and Niko Felix and Nithanth Kudige and Nitish Keskar and Noah Deutsch and Noel Bundick and Nora Puckett and Ofir Nachum and Ola Okelola and Oleg Boiko and Oleg Murk and Oliver Jaffe and Olivia Watkins and Olivier Godement and Owen Campbell-Moore and Patrick Chao and Paul McMillan and Pavel Belov and Peng Su and Peter Bak and Peter Bakkum and Peter Deng and Peter Dolan and Peter Hoeschele and Peter Welinder and Phil Tillet and Philip Pronin and Philippe Tillet and Prafulla Dhariwal and Qiming Yuan and Rachel Dias and Rachel Lim and Rahul Arora and Rajan Troll and Randall Lin and Rapha Gontijo Lopes and Raul Puri and Reah Miyara and Reimar Leike and Renaud Gaubert and Reza Zamani and Ricky Wang and Rob Donnelly and Rob Honsby and Rocky Smith and Rohan Sahai and Rohit Ramchandani and Romain Huet and Rory Carmichael and Rowan Zellers and Roy Chen and Ruby Chen and Ruslan Nigmatullin and Ryan Cheu and Saachi Jain and Sam Altman and Sam Schoenholz and Sam Toizer and Samuel Miserendino and Sandhini Agarwal and Sara Culver and Scott Ethersmith and Scott Gray and Sean Grove and Sean Metzger and Shamez Hermani and Shantanu Jain and Shengjia Zhao and Sherwin Wu and Shino Jomoto and Shirong Wu and Shuaiqi and Xia and Sonia Phene and Spencer Papay and Srinivas Narayanan and Steve Coffey and Steve Lee and Stewart Hall and Suchir Balaji and Tal Broda and Tal Stramer and Tao Xu and Tarun Gogineni and Taya Christianson and Ted Sanders and Tejal Patwardhan and Thomas Cunninghman and Thomas Degry and Thomas Dimson and Thomas Raoux and Thomas Shadwell and Tianhao Zheng and Todd Underwood and Todor Markov and Toki Sherbakov and Tom Rubin and Tom Stasi and Tomer Kaftan and Tristan Heywood and Troy Peterson and Tyce Walters and Tyna Eloundou and Valerie Qi and Veit Moeller and Vinnie Monaco and Vishal Kuo and Vlad Fomenko and Wayne Chang and Weiyi Zheng and Wenda Zhou and Wesam Manassra and Will Sheu and Wojciech Zaremba and Yash Patil and Yilei Qian and Yongjik Kim and Youlong Cheng and Yu Zhang and Yuchen He and Yuchen Zhang and Yujia Jin and Yunxing Dai and Yury Malkov},
      year={2024},
      eprint={2410.21276},
      archivePrefix={arXiv},
      primaryClass={cs.CL},
      url={https://arxiv.org/abs/2410.21276}, 
}
@misc{deepmindGemini,
	author = {Google},
	title = {{G}emini 2.5 {P}ro --- deepmind.google},
	howpublished = {\url{https://deepmind.google/technologies/gemini/pro/}},
	year = {},
	note = {[Accessed 10-04-2025]},
}
@misc{anthropic_claude_2024,
	title = {The Claude 3 Model Family: Opus, Sonnet, Haiku},
	url = {https://assets.anthropic.com/m/61e7d27f8c8f5919/original/Claude-3-Model-Card.pdf},
	author = {Anthropic},
	date = {2024-10-22},
	file = {Claude-3-Model-Card.pdf:/Users/leo/Zotero/storage/DTLJDASB/Claude-3-Model-Card.pdf:application/pdf},
}
